@article{ Key,
 author = { },
 title = {},
 journaltitle = {},
 year = {}
}

@book{ Key,
 author = { },
 title = {},
 year = {}
}

@manual{Key,
author = {},
editor = {},
title = {},
year= {}
}

@misc{Key,
author = {},
editor = {},
title = {},
year= {}
}

@online{Key,
author = {},
editor = {},
title = {},
year= {},
url= {}
}

@patent{Key,
author = {},
title = {},
number= {}
}

