
@book{Node.js.Springer.2020,
 author = {Springer, Sebastian},
 year = {2020},
 title = {Node.js: Das umfassende Handbuch},
 keywords = {Node.js},
 address = {Bonn},
 edition = {3., aktualisierte und erweiterte Auflage, 1. korrigierter Nachdruck},
 publisher = {{Rheinwerk Verlag}},
 isbn = {9783836262552},
 series = {Rheinwerk Computing}
}

@book{FullstackEntwicklung.Ackermann.2023,
 author = {Ackermann, Philip},
 year = {2023},
 title = {Fullstack-Entwicklung: Das Handbuch f{\"u}r Webentwickler},
 address = {Bonn},
 edition = {2., aktualisierte und erweiterte Auflage},
 publisher = {{Rheinwerk Verlag}},
 isbn = {9783836290845},
 series = {Rheinwerk Computing},
 institution = {{Rheinwerk Verlag}}
}

@book{ModernesSoftwareEngineering.Sommerville.2020,
 author = {Sommerville, Ian},
 year = {2020},
 title = {Modernes Software-Engineering: Entwurf und Entwicklung von Softwareprodukten},
 price = {Festeinband : EUR 49.95 (DE), EUR 51.40 (AT), CHF 58.40 (freier Preis)},
 address = {Hallbergmoos},
 volume = {4396},
 publisher = {Pearson},
 isbn = {9783868943962},
 series = {Pearson},
 institution = {{Pearson Studium}}
}


@book{kaufmann_sql-_2023,
	location = {Berlin [Heidelberg]},
	edition = {9. erweiterte und aktualisierte Auflage},
	title = {{SQL}- \& {NoSQL}-Datenbanken},
	isbn = {978-3-662-67092-7},
	pagetotal = {286},
	publisher = {Springer Vieweg},
	author = {Kaufmann, Michael and Meier, Andreas},
	date = {2023},
	file = {Kaufmann und Meier - 2023 - SQL- & NoSQL-Datenbanken.pdf:C\:\\Users\\Michi\\Zotero\\storage\\32I5IE8U\\Kaufmann und Meier - 2023 - SQL- & NoSQL-Datenbanken.pdf:application/pdf},
}


@book{buhler_datenmanagement_2019,
	location = {Berlin},
	title = {Datenmanagement: Daten - Datenbanken - Datensicherheit},
	isbn = {978-3-662-55507-1 978-3-662-55506-4},
	series = {Bibliothek der Mediengestaltung / Peter B端hler, Patrick Schlaich, Dominik Sinner},
	shorttitle = {Datenmanagement},
	pagetotal = {111},
	publisher = {Springer Vieweg},
	author = {B端hler, Peter and Schlaich, Patrick and Sinner, Dominik},
	date = {2019},
	file = {B端hler et al. - 2019 - Datenmanagement Daten - Datenbanken - Datensicher.pdf:C\:\\Users\\Michi\\Zotero\\storage\\7KQTFTFI\\B端hler et al. - 2019 - Datenmanagement Daten - Datenbanken - Datensicher.pdf:application/pdf},
}



@book{heuer_datenbanken_2020,
	location = {Frechen},
	edition = {1. Auflage},
	title = {Datenbanken: Kompaktkurs},
	isbn = {978-3-95845-782-9},
	shorttitle = {Datenbanken},
	pagetotal = {347},
	publisher = {mitp},
	author = {Heuer, Andreas and Saake, Gunter and Sattler, Kai-Uwe and Meyer, Holger and Grunert, Hannes},
	date = {2020},
	file = {Table of Contents PDF:C\:\\Users\\Michi\\Zotero\\storage\\C6ZRVVIV\\Heuer et al. - 2020 - Datenbanken Kompaktkurs.pdf:application/pdf},
}



