@misc{Keywords.Bradner.1997,
 author = {Bradner, S.},
 date = {1997},
 title = {Key words for use in RFCs to Indicate Requirement Levels : Request for Comments  2119},
 urldate = {2023-01-17},
 publisher = {{RFC Editor}},
 doi = {10.17487/RFC2119},
 file = {rfc2119.txt:Attachments/rfc2119.txt.pdf:application/pdf}
}




